
@misc{YosysGit,
	author =       	{Claire Xenia Wolf},
	title =        	{{Yosys Open SYnthesis Suite (YOSYS)}},
	note =		{\url{http://github.com/YosysHQ/yosys}}
}

@misc{YosysTestsGit,
	author =       	{Claire Xenia Wolf},
	title =        	{{Yosys Test Bench}},
	note =		{\url{http://github.com/YosysHQ/yosys-tests}}
}

@misc{YosysBigsim,
	author =       	{Claire Xenia Wolf},
	title =        	{{yosys-bigsim}},
	note =		{\url{https://github.com/YosysHQ/yosys-bigsim}}
}

@misc{VlogHammer,
	author =       	{Claire Xenia Wolf},
	title =        	{{VlogHammer Verilog Synthesis Regression Tests}},
	note =		{\url{http://github.com/YosysHQ/VlogHammer}}
}

@misc{Icarus,
	author =       	{Stephen Williams},
	title =        	{{Icarus Verilog}},
	note =		{Version 0.8.7, \url{http://iverilog.icarus.com/}}
}

@misc{VTR,
	author=		{Jonathan Rose and Jason Luu and Chi Wai Yu and Opal Densmore and Jeff Goeders and Andrew Somerville and Kenneth B. Kent and Peter Jamieson and Jason Anderson},
	title =		{{The Verilog-to-Routing (VTR) Project for FPGAs}},
	note =		{Version 1.0, \url{https://code.google.com/p/vtr-verilog-to-routing/}}
}

@misc{HANA,
	author =       	{Parvez Ahmad},
	title =        	{{HDL Analyzer and Netlist Architect (HANA)}},
	note =		{Verison linux64-1.0-alpha (2012-10-14), \url{http://sourceforge.net/projects/sim-sim/}}
}

@misc{MVSIS,
	author =	{MVSIS group at Berkeley studies logic synthesis and verification for VLSI design},
	title =		{{MVSIS: Logic Synthesis and Verification}},
	note =		{Version 3.0, \url{http://embedded.eecs.berkeley.edu/mvsis/}}
}

@misc{ABC,
	author =	{{Berkeley Logic Synthesis and Verification Group}},
	title =		{{ABC: A System for Sequential Synthesis and Verification}},
	note =		{HQ Rev b5750272659f, 2012-10-28, \url{https://github.com/berkeley-abc/abc}}
}

@misc{AIGER,
	author =	{{Armin Biere, Johannes Kepler University Linz, Austria}},
	title =		{{AIGER}},
	note =		{\url{http://fmv.jku.at/aiger/}}
}

@misc{XilinxWebPACK,
	author =	{{Xilinx, Inc.}},
	title =		{{ISE WebPACK Design Software}},
	note =		{\url{http://www.xilinx.com/products/design-tools/ise-design-suite/ise-webpack.htm}}
}

@misc{QuartusWeb,
	author =	{{Altera, Inc.}},
	title =		{{Quartus II Web Edition Software}},
	note =		{\url{http://www.altera.com/products/software/quartus-ii/web-edition/qts-we-index.html}}
}

@misc{OR1200,
	title =		{{OpenRISC 1200 CPU}},
	note = 		{\url{https://github.com/openrisc/or1200}}
}

@misc{openMSP430,
	title =		{{openMSP430 CPU}},
	note = 		{\url{http://opencores.org/projects/openmsp430}}
}

@misc{i2cmaster,
	title =		{{OpenCores I$^2$C Core}},
	note =		{\url{http://opencores.org/projects/i2c}}
}

@misc{k68,
	title =		{{OpenCores k68 Core}},
	note =		{\url{http://opencores.org/projects/k68}}
}

@misc{bison,
	title = {{GNU Bison}},
	note = {\url{http://www.gnu.org/software/bison/}}
}

@misc{flex,
	title = {{Flex}},
	note = {\url{http://flex.sourceforge.net/}}
}

@misc{C_to_Verilog,
	title = {{C-to-Verilog}},
	note = {\url{http://www.c-to-verilog.com/}}
}

@misc{LegUp,
	title = {{LegUp}},
	note = {\url{http://legup.eecg.utoronto.ca/}}
}

@misc{LibertyFormat,
	title = {{The Liberty Library Modeling Standard}},
	note = {\url{http://www.opensourceliberty.org/}}
}

@misc{ASIC-WORLD,
	title = {{World of ASIC}},
	note = {\url{http://www.asic-world.com/}}
}

@misc{Formality,
	title = {{Synopsys Formality Equivalence Checking}},
	note = {\url{http://www.synopsys.com/Tools/Verification/FormalEquivalence/Pages/Formality.aspx}},
}

@misc{bigint,
	author = {Matt McCutchen},
	title = {{C++ Big Integer Library}},
	note = {\url{http://mattmccutchen.net/bigint/}}
}

@misc{navre,
	author = {Sebastien Bourdeauducq},
	title = {{Navr√© AVR clone (8-bit RISC)}},
	note = {\url{http://opencores.org/projects/navre}}
}

@misc{amber,
	author = {Conor Santifort},
	title = {{Amber ARM-compatible core}},
	note = {\url{http://opencores.org/projects/amber}}
}

@misc{graphviz,
	title = {{Graph Visualization Software}},
	note = {\url{http://www.graphviz.org/}},
}

@misc{xdot,
	title = {{An interactive viewer for graphs written in Graphviz's dot language}},
	note = {\url{https://github.com/jrfonseca/xdot.py}},
}

@misc{CircuitSAT,
	title = {{Circuit satisfiability problem}},
	note = {\url{http://en.wikipedia.org/wiki/Circuit_satisfiability}},
}

@misc{MiniSAT,
	title = {{MiniSat: a minimalistic open-source SAT solver}},
	note = {\url{http://minisat.se/}}
}

@misc{boolector,
	author = {{Robert Brummayer and Armin Biere}},
	title = {{Boolector: An Efficient SMT Solver for Bit-Vectors and Arrays}},
	note = {\url{http://fmv.jku.at/boolector/}},
}

@misc{nuxmv,
	author = {{Roberto Cavada and Alessandro Cimatti and Michele Dorigatti
	and Alberto Griggio and Alessandro Mariotti and Andrea Micheli and
	Sergio Mover and Marco Roveri and Stefano Tonetta}}, 
	title = {{The nuXmv Symbolic Model Checker}}, 
	note = {\url{https://es-static.fbk.eu/tools/nuxmv/index.php}},
}
